@book{WeisLeroy,
	author = {Pierre Weis and Xavier Leroy},
	title = {Le langage Caml},
	year = {1992}
}

@book{Flach,
	author = {Peter Flach},
	title = {Simply Logical: Intelligent Reasoning by Example},
	year = {1994}
}

@book{Norvig,
	author = {Peter Norvig},
	title = {Paradigms of Artificial Intelligence Programming},
	year = {1992},
}

@article{Aartun,
	author = {Vemund Innvær Aartun},
	title = {Reasoning about Knowledge and Action in Cluedo using Prolog},
	year = {2016},
}

@book{NilssonMaluszynski,
	author = {Ulf Nilsson and Jan Małuszyński},
	title = {Logic, Programming and Prolog},
	year = {1990},
}

@article{Robinson,
	author = {John Alan Robinson},
	title = {A Machine-Oriented Logic Based on the Resolution Principle},
	year = {1965},
}

@article{Smaill,
	author = {Alan Smaill},
	title = {Logic Programming},
	year = {2009},
}

@article{Ljunglof,
	author = {Peter Ljunglöf},
	title = {Pure Functional Parsing, an advanced tutorial},
	year = {2002},
}

@book{Sterling,
	author = {Leon Sterling and Ehud Shapiro},
	title = {The Art of Prolog},
	year = {1994},
	edition = {2nde},
}

@article{Clark,
	author = {Keith L. Clark},
	title = {Negation as Failure},
	year = {1978},
}

@article{Warren,
	author = {David S. Warren},
	title = {Memoing for Logic Programs},
	year = {1992},
}